%% This BibTeX bibliography file was created using BibDesk.
%% http://bibdesk.sourceforge.net/

%% Created for ARAKAWA Sota at 2017-02-01 04:11:36 +0900 


%% Saved with string encoding Unicode (UTF-8) 


